@article{BOAH,
    title   = {BOAH: A Tool Suite for Multi-Fidelity Bayesian Optimization \& Analysis of Hyperparameters},
    author  = {M. Lindauer and K. Eggensperger and M. Feurer and A. Biedenkapp and J. Marben and P. MÃ¼ller and F. Hutter},
    journal = {arXiv:1908.06756 {[cs.LG]}},
    date    = {2019},
}