@book{Society_2014, 
    title={Guide to the software engineering body of knowledge (swebok(r)): Version 3.0}, 
    ISBN={0769551661}, 
    author={Society, IEEE Computer}, 
    year={2014} 
}
