@misc{Brown_2018, 
	title={The C4 Model for Software Architecture}, 
	url={https://www.infoq.com/articles/C4-architecture-model/}, 
	journal={InfoQ}, 
	author={Brown, Simon}, 
	year={2018}, 
	month={6} 
}
