@online{faro_stock_info,
    author = "FARO\textsuperscript{\textregistered}",
    title = "{Stock Info | Investor Relations}",
    url  = "https://www.faro.com/en/About-Us/Investor-Relations/Stock-Info",
    addendum = "accessed: 08.03.2021",
}

@online{faro_homepage,
    author = "FARO\textsuperscript{\textregistered}",
    title = "Homepage",
    url  = "https://www.faro.com",
    addendum = "accessed: 08.03.2021",
}

@misc{faro_2021_financial_results,
   title="{Faro Technologies\textsuperscript{\textregistered} 4th Quarter and Full Year Financial Results}",
   author={FARO\textsuperscript{\textregistered}},
   howpublished={\url{https://faro.gcs-web.com/node/15046/pdf}},
   day={17},
   month={February},
   year={2021}
}

@online{faro_quantums,
    author = "FARO\textsuperscript{\textregistered}",
    title = "{8-Axis Quantum S FaroArm/ScanArm V2}",
    url  = "https://www.faro.com/en/Resource-Library/Tech-Sheet/techsheet-faro-8-axis-quantum-s-faroarm-scanarm-v2",
    addendum = "accessed: 08.03.2021",
}

@online{faro_man_eq_align,
    author = "FARO\textsuperscript{\textregistered}",
    title = "{Applications - Manufacturing Equipment Alignment}",
    url  = "https://www.faro.com/en/Application/Production-Fabrication-and-Assembly/Manufacturing-Equipment-Alignment",
    addendum = "accessed: 09.03.2021",
}

@online{faro_construction,
    author = "FARO\textsuperscript{\textregistered}",
    title = "{Applications - Construction Quality Control}",
    url  = "https://www.faro.com/en/Application/Construction-Quality-Control",
    addendum = "accessed: 09.03.2021",
}

@online{faro_forensic,
    author = "FARO\textsuperscript{\textregistered}",
    title = "{Applications - Forensic Analysis and Pre-incident Planning}",
    url  = "https://www.faro.com/en/Application/Forensic-Analysis-and-Pre-incident-Planning",
    addendum = "accessed: 09.03.2021",
}